%% ----------------------------------------------------------------
%% ECS.bib
%% ---------------------------------------------------------------- 

@book{kuffel2000high,
  title={High Voltage Engineering Fundamentals},
  author={Kuffel, J. and Kuffel, E. and Zaengl, W.S.},
  publisher={Elsevier Science},
  year={2000} 
}

@book{james2008condition,
  title={Condition Assessment of High Voltage Insulation in Power System Equipment},
  author={James, R.E. and Su, Q. and {Institution of Engineering and Technology}},
  isbn={9780863417375},
  series={IET power and energy series},
  year={2008},
  publisher={Institution of Engineering and Technology}
}

@book{warne2005newnes,
  title={Newnes Electrical Power Engineer's Handbook},
  author={Warne, D.F.},
  isbn={9780080479699},
  year={2005},
  publisher={Elsevier Science}
}

@ARTICLE{1440990, 
journal={IEEE Std C57.19.00-2004 (Revision of IEEE Std C57.19.00-1991)}, 
title={IEEE Standard General Requirements and Test Procedure for Power Apparatus Bushings}, 
year={2005}, 
month={}, 
pages={1-17}, 
doi={10.1109/IEEESTD.2005.96100},}

@book{harlow2004electric,
  title={Electric Power Transformer Engineering},
  author={Harlow, J.H.},
  isbn={9780203486481},
  series={The Electric Power Engineering Hbk, Second Edition},
  year={2004},
  publisher={Taylor \& Francis}
}

@MastersThesis{Ahmed11,
author = {Zeeshan Ahmed},
title = {Analysis of Partial Discharge in {OIP} Bushing Models},
school = {Royal Institute of Technology (KTH)},
year = {2011},
month = sep
}

@article{hesamzadeh2008,
  title={An advanced optimal approach for high voltage AC bushing design},
  author={Hesamzadeh, Mohammad R and Hosseinzadeh, Nasser and Wolfs, Peter},
  journal={Dielectrics and Electrical Insulation, IEEE Transactions on},
  volume={15},
  number={2},
  pages={461--466},
  year={2008},
  publisher={IEEE}
}

@misc{Chen14,
author = {George Chen},
title = {{ELEC6089 High Voltage Insulation Systems Assignment 1 HV AC 275kV Bushing Design Briefing Notes}},
note= {The University of Southampton},
year = {2014},
month = feb
}